@article{gilchrist2015,
   author={Gilchrist MA, Chen WC, Shah P, Landerer CL, Zaretzki R},
   title={Estimating Gene Expression and Codon-Specific Translational Efficiencies, Mutation Biases, and Selection Coefficients from Genomic Data Alone.},
   journal={Genome Biology and Evolution},
   volume={7},
   year=2015,
   pages={1559-1579}
}

@article{rcpp_pakage,
   author={Edelbuettel D, Francois R},
   title={Rcpp: Seamless R and C++ Integration.},
   journal={Journal of Statistical Software},
   volume={40},
   year=2011,
   pages={1-18}
}

@book{ood_book,
   author = {Booch G},
   year = {1993},
   title = {Object-oriented analysis and design with applications.},
   publisher = {Benjamin-Cummings Publishing Co},
   address = {Redwood City}
}

@article{grantham1980_1,
   author={Grantham R, Gautier C, Guoy M, Mercier R, Pave A},
   title={Codon catalog usage and the genome hypothesis.},
   journal={Nucleic Acids Research},
   volume={8},
   year=1980,
   pages={r49–r62}
}

@article{grantham1980_2,
   author={Grantham R, Gautier C, Guoy M},
   title={Codon frequencies in 119 individual genes confirm consistent choices of degenerate bases according to genome types.},
   journal={Nucleic Acids Research},
   volume={8},
   year=1980,
   pages={1893–1912}
}

@article{kanaya2001,
   author={Kanaya S, Yamada Y, Kinouchi M, Kudo Y, Ikemura T},
   title={Codon usage and tRNA genes in eukaryotes: correlation of codon usage diversity with translational efficiency and with CG-dinucleotide usage as assessed by multivariate analysis.},
   journal={Nucleic Acids Research},
   volume={53},
   year=2001,
   pages={290-298}
}

@article{sharp1993,
   author={Sharp PM, Stenico M, Penden JF, Lloyd AT},
   title={Codon usage: mutational bias, translational selection or both?},
   journal={Biochemical Society Transactions},
   volume={21},
   year=1993,
   pages={835–841}
}

@article{bulmer1991,
   author={Bulmer M},
   title={The selection–mutation–drift theory of synonymous codon usage bias.},
   journal={Biochemical Society Transactions},
   volume={129},
   year=1991,
   pages={897–907}
}

@book{gelman2013,
   author = {Gelman A, Carlin J, Stern H, Dunson D, Vehtari A, Rubin D},
   year = {2013},
   title = {Bayesian Data Analysis. 3rd Edition},
   publisher = {CRC Press},
   address = {Boca Raton}
}




