/Users/Premal/workfiles/Project/Biblio/bibliography.full.bib