@article{grantham1981,
author = {Grantham, R and Gautier, C and Gouy, M and Jacobzone, M and Mercier, R},
title = {Codon catalog usage is a genome strategy modulated for gene expressivity},
journal = {Nucleic Acids Research},
volume = {9},
year = {1981},
pages = {43-74}
}

@article{ikemura1985,
author = {Ikemura, T},
title = {Codon usage and tRNA content in unicellular and multicellular organisms},
journal = {Molecular Biology and Evolution},
volume = {2},
year = {1985},
pages = {13-34}
}

@article{sharp1987,
   author={Sharp, PM},
   title={The codon adaptatoin index - a meassure of directional synonymous codon usage bias, and its potential applications},
   journal={Nucleic Acids Research},
   volume={15},
   year={1987},
   pages={1281-1295}
}

@article{sharp1988,
author = {Sharp, PM and Cowe, E and Higgins, DG and Shields, DC and Wolfe, KH and Wright, F},
title = {Codon usage patterns in Escherichia coli, Bacillus subtilis, Saccharomyces cerevisiae, Schizosaccharomyces pombe, Drosophila melanogaster and Homo sapiens; a review of the considerable within species diversity},
journal = {Nucleic Acids Research},
volume = {16},
year = {1988},
pages = {8207-8211}
}

@article{wallace2013,
   author={Wallace, EW and Airoldi, EM and Drummond, DA},
   title={Estimating Selection on Synonymous Codon Usage from Noisy Experimental Data},
   journal={Molecular Biology and Evolution},
   volume={30},
   year={2013},
   pages={1438-1453}
}

@article{gilchrist2015,
   author={Gilchrist, MA and Chen, WC and Shah, P and Landerer, CL and Zaretzki, R},
   title={Estimating Gene Expression and Codon-Specific Translational Efficiencies, Mutation Biases, and Selection Coefficients from Genomic Data Alone},
   journal={Genome Biology and Evolution},
   volume={7},
   year={2015},
   pages={1559-1579}
}

@article{dong1996,
author = {Dong, H and Nilsson, L and Kurland, CG},
title = {Co-variation of tRNA abundance and codon usage in Escherichia coli at different growth rates},
journal = {Journal of Molecular Miology},
volume = {260},
year = {1996},
pages = {649-663}
}

@article{dosreis2004,
author = {dos Reis, M and Savva, R and Wernisch, L},
title = {Solving the riddle of codon usage preferences: a test for translational selection},
journal = {Nucleic Acids Research},
volume = {32},
number = {17},
year = {2004},
pages = {5036-5044}
}

@article{medigue1991,
author = {Médigue, C and Rouxel, T and Vigier, P and Hénaut, A and Danchin, A},
title = {Evidence for horizontal gene transfer in Escherichia coli speciation},
journal = {Journal of Molecular Miology},
volume = {222},
number = {4},
year = {1991},
pages = {851-856}
}

@article{lawrence1997,
author = {Lawrence, JG and Ochman, H},
title = {Amelioration of Bacterial Genomes: Rates of Change and Exchange},
journal = {Journal of Molecular Miology},
volume = {44},
year = {1997},
pages = {383-397}
}

@article{tuller2011,
author = {Tuller, T and Girshovich, Y and Sella, Y and Kreimer, A and Freilich, S and Kupiec, M and Gophna, U and Ruppin, E},
title = {Association between translation efficiency and horizontal gene transfer within microbial communities},
journal = {Nucleic Acids Research},
volume = {39},
number = {11},
pages = {4743-4755},
year = {2011},
doi = {10.1093/nar/gkr054},
URL = { + http://dx.doi.org/10.1093/nar/gkr054}
}

@article{wolfe1997,
author = {Wolfe, KH and Shields, DC},
title = {Molecular evidence for an ancient duplication of the entire yeast genome},
journal = {Nature},
volume = {387},
year = {1997},
pages = {708-7013}

}

@article{friedrich2015,
author = {Friedrich, A and Reiser, C and Fischer, G and Schacherer, J},
title = {Population Genomics Reveals Chromosome-Scale Heterogeneous Evolution in a Protoploid Yeast},
journal = {Molecular Biology and Evolution},
volume = {32},
number = {1},
year = {2015},
pages = {184 - 192}
}

@article{payen2009,
author = {Payen, Célia and Fischer, Gilles and Marck, Christian and Proux, Caroline and Sherman, David James and Coppée, Jean-Yves and Johnston, Mark and Dujon, Bernard and Neuvéglise, Cécile}, 
title = {Unusual composition of a yeast chromosome arm is associated with its delayed replication},
volume = {19}, 
number = {10}, 
pages = {1710-1721}, 
year = {2009}, 
doi = {10.1101/gr.090605.108}, 
URL = {http://genome.cshlp.org/content/19/10/1710.abstract}, 
eprint = {http://genome.cshlp.org/content/19/10/1710.full.pdf+html}, 
journal = {Genome Research} 
}

