@article{fastml,
author = {Ashkenazy, H and Penn, O and Doron-Faigenboim, A and Cohen, O and Cannarozzi, G and Zomer, O and Pupko, T},
title = {FastML: a web server for probabilistic reconstruction of ancestral sequences},
journal = {Nucleic Acids Research},
volume = {40},
number = {Web Server Issue},
year = {2012},
pages = {W580-4}
}

@article{stiffler2016,
author = {Stiffler, MA and Hekstra, DR and Ranganathan R},
title = {Evolvability as a function of purifying selection in TEM-1 $\beta$-lactamase},
journal = {Cell},
volume = {160},
year = {2016},
pages = {882-892}
}

@article{bloom2017,
author = {Bloom, JD},
title = {Identification of positive selection in genes is greatly improved by using experimentally infromed site-specific models},
journal = {Biology Direct},
volume = {12},
year = {2017},
pages = {1}
}

@Manual{rcore,
title = {R: A Language and Environment for Statistical Computing},
author = {{R Core Team}},
organization = {R Foundation for Statistical Computing},
address = {Vienna, Austria},
year = {2013},
url = {http://www.R-project.org/},
}

@article{hilton2017,
author = {Hilton, SK and Doud, MB and Bloom, JD},
title = {phydms: software for phylogenetic analyses informed by deep mutation scanning},
journal = {PeerJ},
volume = {5},
year = {2017},
pages = {e3657}
}

@article{beaulieu2018,
author = {Beaulieu, JM and O'Meara, BC and Zaretzki, R and Landerer, C and Chai, JJ and Gilchrist, MA},
title = {Population Genetics Based Phylogenetics Under Stabilizing Selection for an Optimal Amino Acid Sequence: A Nested Modeling Approach},
journal = {Molecular Biology and Evolution},
volume = {X},
year = {in review},
pages = {NA}
}

@article{SellaAndHirsh2005,
author = {Sella, G and Hirsh, AE},
title = {The application of statistical physics to evolutionary biology},
journal = {Proceedings of the National Academy of Sciences of the United States of America},
volume = {102},
year = {2005},
pages = {9541-9546},
}

@article{nguyen2015,
author = {Nguyen, LT and Schmidt, HA and von Haeseler, A and Minh, BQ},
IDS = {IQTree2015},
title = {IQ-TREE: A Fast and Effective Stochastic Algorithm for Estimating Maximum-Likelihood Phylogenies},
journal = {Molecular Biology and Evolution},
volume = {32},
number = {1},
pages = {268-274},
year = {2015},
}

@article{gillespie1976,
author = {Gillespie, DT},
title = {A General Method for Numerically Simulating the Stochastic Time Evolution of Coupled Chemical Reactions},
journal = {Journal of Computational Physics},
volume = {22},
number = {4},
year = {1976},
pages = {403-434},
}

@Article{GoldmanAndYang1994,
  Title                    = {Codon-based model of nucleotide substitution for protein-coding {{DNA}}-sequences},
  Author                   = {Goldman, N. and Yang, Z. H.},
  Journal                  = {Molecular Biology and Evolution},
  Year                     = {1994},
  Pages                    = {725-736},
  Volume                   = {11}
}

@article{thorne1996,
author = {Thorne, JL and Goldman, N and Jones, DT},
title = {Combinng protein evolution and secondary structure},
journal = {Molecular Biology and Evolution},
volume = {13},
year = {1996},
pages = {666-673},
}

@Article{MuseAndGaut1994,
  Title                    = {A likelihood approach for comparing synonymous and nonsynonymous nucleotide substitution rates, with application to the chloroplast genome.},
  Author                   = {Muse, Spencer V and Gaut, Brandon S},
  Journal                  = {Molecular Biology and Evolution},
  Year                     = {1994},
  Number                   = {5},
  Pages                    = {715--724},
  Volume                   = {11},
}

@article{felsenstein1981,
author = {Felsenstein, J},
title = {Evolutionary trees from DNA sequences: a maximum likelihood approach},
journal = {Journal of Molecular Evolution},
volume = {17},
year = {1981},
pages = {368-376},
}

@article{gojobori1983,
author = {Gojobori, T},
title = {Codon substitution in evolution and the "saturation" of synonymous changes},
journal = {Genetics},
volume = {105},
year = {1983},
pages = {1011-1027},
}

@article{HalpernAndBruno1998,
author = {Halpern, AL and Bruno, WJ},
title = {Evolutionary Distances for Protein-Coding Sequences: Modeling Site-Specific Residue Frequencies},
journal = {Molecular Biology and Evolution},
volume = {15},
number = {7},
year = {1998},
pages = {910-917},
}




