@article{rcpp_package,
   author={Edelbuettel, D and Francois, R},
   title={Rcpp: Seamless R and C++ Integration},
   journal={Journal of Statistical Software},
   volume={40},
   year={2011},
   pages={1-18}
}

@article{Wright1990,
   author={Wright, F},
   title={The 'effective number of codons' used in a gene},
   journal={Gene},
   volume={87},
   year={1990},
   pages={23-29}
}

@article{dunn2018,
   author={Dunn, CW and Zapata, F and Munro, C and Siebert, S and Hejnol, A},
   title={Pairwise comparisons across species are problematic when analyzing functional genomic data},
   journal={Proc Natl Acad Sci USA},
   year={2018}
}


@article{gilchrist2015,
   author={Gilchrist, MA and Chen, WC and Shah, P and Landerer, CL and Zaretzki, R},
   title={Estimating Gene Expression and Codon-Specific Translational Efficiencies, Mutation Biases, and Selection Coefficients from Genomic Data Alone},
   journal={Genome Biology and Evolution},
   volume={7},
   year={2015},
   pages={1559-1579}
}

@book{ood_book,
   author = {Booch, G},
   year = {1993},
   title = {Object-oriented analysis and design with applications},
   publisher = {Benjamin-Cummings Publishing Co},
   address = {Redwood City}
}

@book{gelman2013,
   author = {Gelman, A and Carlin, J and Stern, H and Dunson, D and Vehtari, A and Rubin, D},
   year = {2013},
   title = {Bayesian Data Analysis. 3rd Edition},
   publisher = {CRC Press},
   address = {Boca Raton}
}

@article{wallace2013,
   author={Wallace, EW and Airoldi, EM and Drummond, DA},
   title={Estimating Selection on Synonymous Codon Usage from Noisy Experimental Data},
   journal={Molecular Biology and Evolution},
   volume={30},
   year={2013},
   pages={1438-1453}
}

@article{shah2011,
   author={Shah, P and Gilchrist, MA},
   title={Explaining complex codon usage patterns with selection for translational efficiency, mutation bias, and genetic drift},
   journal={Proc Natl Acad Sci USA},
   volume={108},
   year={2011},
   pages={10231-6}
}

@article{gumi2015,
   author={Mi, G and Di, Y and Schafer, DW},
   title={Goodness-of-Fit Tests and Model Diagnostics for Negative Binomial Regression of RNA Sequenceing Data},
   journal={PLOS ONE},
   volume={10},
   year={2015},
   pages={e0119254}
}

@Manual{rcore,
  title = {R: A Language and Environment for Statistical Computing},
  author = {{R Core Team}},
  organization = {R Foundation for Statistical Computing},
  address = {Vienna, Austria},
  year = {2015},
  url = {http://www.R-project.org/},
}


@article{yakovchuk2006,
author = {Yakovchuk, P and Protozanova, E and Frank-Kamenetskii, MD},
title = {Base-stacking and base-pairing contributions into thermal stability of the DNA double helix},
journal = {Nucleic Acids Research},
volume = {34},
number = {2},
year = {2006},
pages = {564-574}
}

@article{marmur1962,
author = {Marmur, J and Doty, P},
title = {Determination of the base composition of dioxyribonucleic acid from its thermal melting temperature.},
journal = {J. Mol. Biol.},
volume = {5},
year = {1962},
pages = {109-118}
}

@article{wartell1985,
author = {Wartell, RM and Benight, AS},
title = {Thermal denaturation of DNA molecules.},
journal = {Phys. Rep.},
volume = {126},
year = {1985},
pages = {67-107}
}

@article{SantaLucia2004,
author = {SantaLucia, J and Hicks, D},
title = {The thermodynamics of DNA structural motifs.},
journal = {Biomol. Struct.},
volume = {33},
year = {2004},
pages = {415-440}
}

@article{williams2002,
author = {Williams, MC and Rouzina, I},
title = {Force spectroscopy of single DNA and RNA molecules.},
journal = {Curr. Opin. Struct. Biol.},
volume = {12},
year = {2002},
pages = {330-336}
}

@article{gouy1982,
author = {Gouy, M and Gautier, C},
title = {Codon usage in bacteria: correlation with gene expressivity},
journal = {Nucleic Acids Research},
volume = {10},
year = {1982},
pages = {7055-7074}
}


@article{grantham1981,
author = {Grantham, R and Gautier, C and Gouy, M and Jacobzone, M and Mercier, R},
title = {Codon catalog usage is a genome strategy modulated for gene expressivity},
journal = {Nucleic Acids Research},
volume = {9},
year = {1981},
pages = {43-74}
}

@article{ikemura1985,
author = {Ikemura, T},
title = {Codon usage and tRNA content in unicellular and multicellular organisms},
journal = {Molecular Biology and Evolution},
volume = {2},
year = {1985},
pages = {13-34}
}

@article{sharp1987,
   author={Sharp, PM},
   title={The codon adaptatoin index - a meassure of directional synonymous codon usage bias, and its potential applications},
   journal={Nucleic Acids Research},
   volume={15},
   year={1987},
   pages={1281-1295}
}

@article{sharp1988,
author = {Sharp, PM and Cowe, E and Higgins, DG and Shields, DC and Wolfe, KH and Wright, F},
title = {Codon usage patterns in Escherichia coli, Bacillus subtilis, Saccharomyces cerevisiae, Schizosaccharomyces pombe, Drosophila melanogaster and Homo sapiens; a review of the considerable within species diversity},
journal = {Nucleic Acids Research},
volume = {16},
year = {1988},
pages = {8207-8211}
}

@article{dong1996,
author = {Dong, H and Nilsson, L and Kurland, CG},
title = {Co-variation of tRNA abundance and codon usage in Escherichia coli at different growth rates},
journal = {Journal of Molecular Miology},
volume = {260},
year = {1996},
pages = {649-663}
}

@article{dosreis2004,
author = {dos Reis, M and Savva, R and Wernisch, L},
title = {Solving the riddle of codon usage preferences: a test for translational selection},
journal = {Nucleic Acids Research},
volume = {32},
number = {17},
year = {2004},
pages = {5036-5044}
}

@article{medigue1991,
author = {Médigue, C and Rouxel, T and Vigier, P and Hénaut, A and Danchin, A},
title = {Evidence for horizontal gene transfer in Escherichia coli speciation},
journal = {Journal of Molecular Miology},
volume = {222},
number = {4},
year = {1991},
pages = {851-856}
}

@article{lawrence1997,
author = {Lawrence, JG and Ochman, H},
title = {Amelioration of Bacterial Genomes: Rates of Change and Exchange},
journal = {Journal of Molecular Miology},
volume = {44},
year = {1997},
pages = {383-397}
}

@article{tuller2011,
author = {Tuller, T and Girshovich, Y and Sella, Y and Kreimer, A and Freilich, S and Kupiec, M and Gophna, U and Ruppin, E},
title = {Association between translation efficiency and horizontal gene transfer within microbial communities.},
journal = {Nucleic Acids Research},
volume = {39},
number = {11},
pages = {4743-4755},
year = {2011},
doi = {10.1093/nar/gkr054},
URL = {http://dx.doi.org/10.1093/nar/gkr054}
}

@article{wolfe1997,
author = {Wolfe, KH and Shields, DC},
title = {Molecular evidence for an ancient duplication of the entire yeast genome.},
journal = {Nature},
volume = {387},
year = {1997},
pages = {708-7013}

}

@article{friedrich2015,
author = {Friedrich, A and Reiser, C and Fischer, G and Schacherer, J},
title = {Population Genomics Reveals Chromosome-Scale Heterogeneous Evolution in a Protoploid Yeast.},
journal = {Molecular Biology and Evolution},
volume = {32},
number = {1},
year = {2015},
pages = {184 - 192}
}

@article{payen2009,
author = {Payen, Célia and Fischer, Gilles and Marck, Christian and Proux, Caroline and Sherman, David James and Coppée, Jean-Yves and Johnston, Mark and Dujon, Bernard and Neuvéglise, Cécile}, 
title = {Unusual composition of a yeast chromosome arm is associated with its delayed replication.},
volume = {19}, 
number = {10}, 
pages = {1710-1721}, 
year = {2009}, 
journal = {Genome Research} 
}

@article{agier2013,
author = {Agier, Nicolas and Romano, Orso Maria and Touzain, Fabrice and Cosentino Lagomarsino, Marco and Fischer, Gilles},
title = {The Spatiotemporal Program of Replication in the Genome of Lachancea kluyveri.},
journal = {Genome Biology and Evolution},
volume = {5},
number = {2},
pages = {370-388},
year = {2013},
}

@article{peter2015,
author = {Peter, J and Schacherer, J},
title = {Population genomics of yeasta:towards a comprehensiveview across a broad evolutionary scale.},
journal = {Yeast},
volume = {33},
year = {2016},
pages = {73 - 81}
}

@article{soderlund2006,
author = {Soderlund, C and Nelson, W and Shoemaker, A and Paterson, A},
title = {SyMAP\: A system for discovering and viewing syntenic regions of FPC maps.},
journal = {Genome Research},
volume = {16},
year = {2006},
pages = {1159 - 1168}
}

@article{soderlund2011,
author = {Soderlund, C and Bomhoff, M and Nelson, W},
title = {SyMAP v3.4: a turnkey synteny system with application to plant genomes.},
journal = {Nucleic Acids Research},
volume = {39},
number = {10},
year = {2011},
pages = {e68}
}

@article {lang2008,
	author = {Lang, Gregory I. and Murray, Andrew W.},
	title = {Estimating the Per-Base-Pair Mutation Rate in the Yeast Saccharomyces cerevisiae},
	volume = {178},
	number = {1},
	pages = {67 - 82},
	year = {2008},
	publisher = {Genetics},
	issn = {0016-6731},
	journal = {Genetics}
}

@article{zhu2014,
author = {Zhu, Yuan O and Siegal, Mark L and Hall, David W and Petrov, Dmitri A},
title = {Precise estimates of mutation rate and spectrum in yeast},
journal = {Proceedings of the National Academy of Sciences},
number = {22},
pages = {E2310--E2318},
volume = {111},
year = {2014}
}

@article{landerer2018,
author = {Landerer, Cedric and Cope, Alexander and Zaretzki, Russell and Gilchrist, Michael A},
title = {AnaCoDa: analyzing codon data with Bayesian mixture models},
journal = {Bioinformatics},
volume = {34},
number = {14},
pages = {2496-2498},
year = {2018},
}


@article{vakirlis2016,
author = {Vakirlis, Nikolaos and Sarilar, V{\'{e}}ronique and Drillon, Gu{\'{e}}nola and Fleiss, Aubin and Agier, Nicolas and Meyniel, Jean-Philippe and Blanpain, Lou and Carbone, Alessandra and Devillers, Hugo and Dubois, Kenny and Gillet-Markowska, Alexandre and Graziani, St{\'{e}}phane and Huu-Vang, Nguyen and Poirel, Marion and Reisser, Cyrielle and Schott, Jonathan and Schacherer, Joseph and Lafontaine, Ingrid and Llorente, Bertrand and Neuv{\'{e}}glise, C{\'{e}}cile and Fischer, Gilles},
journal = {Genome research},
number = {7},
pages = {918--32},
publisher = {Cold Spring Harbor Laboratory Press},
title = {{Reconstruction of ancestral chromosome architecture and gene repertoire reveals principles of genome evolution in a model yeast genus.}},
volume = {26},
year = {2016}
}

@article{Arakawa2012,
author = {Arakawa, Kazuharu and Tomita, Masaru},
journal = {Current Genomics},
number = {1},
pages = {4},
title = {{Measures of Compositional Strand Bias Related to Replication Machinery and its Applications}},
url = {http://www.ncbi.nlm.nih.gov/pmc/articles/PMC3269016/},
volume = {13},
year = {2012}
}

@article{Hershberg2008,
author = {Hershberg, Ruth and Petrov, D A},
journal = {Annual Review of Genetics},
number = {1},
pages = {287--299},
title = {{Selection on Codon Bias}},
volume = {42},
year = {2008}
}

@misc{Mathematica,
  author = {Wolfram Research{,} Inc.},
  title = {Mathematica, {V}ersion 9.0},
  note = {Champaign, IL, 2012}
}
