@article{rcpp_package,
   author={Edelbuettel, D and Francois, R},
   title={Rcpp: Seamless R and C++ Integration},
   journal={Journal of Statistical Software},
   volume={40},
   year={2011},
   pages={1-18}
}

@article{Wright1990,
   author={Wright, F},
   title={The 'effective number of codons' used in a gene},
   journal={Gene},
   volume={87},
   year={1990},
   pages={23-29}
}

@article{dunn2018,
   author={Dunn, CW and Zapata, F and Munro, C and Siebert, S and Hejnol, A},
   title={Pairwise comparisons across species are problematic when analyzing functional genomic data},
   journal={Proc Natl Acad Sci USA},
   year={2018}
}


@article{gilchrist2015,
   author={Gilchrist, MA and Chen, WC and Shah, P and Landerer, CL and Zaretzki, R},
   title={Estimating Gene Expression and Codon-Specific Translational Efficiencies, Mutation Biases, and Selection Coefficients from Genomic Data Alone},
   journal={Genome Biology and Evolution},
   volume={7},
   year={2015},
   pages={1559-1579}
}

@book{ood_book,
   author = {Booch, G},
   year = {1993},
   title = {Object-oriented analysis and design with applications},
   publisher = {Benjamin-Cummings Publishing Co},
   address = {Redwood City}
}

@book{gelman2013,
   author = {Gelman, A and Carlin, J and Stern, H and Dunson, D and Vehtari, A and Rubin, D},
   year = {2013},
   title = {Bayesian Data Analysis. 3rd Edition},
   publisher = {CRC Press},
   address = {Boca Raton}
}

@article{wallace2013,
   author={Wallace, EW and Airoldi, EM and Drummond, DA},
   title={Estimating Selection on Synonymous Codon Usage from Noisy Experimental Data},
   journal={Molecular Biology and Evolution},
   volume={30},
   year={2013},
   pages={1438-1453}
}

@article{shah2011,
   author={Shah, P and Gilchrist, MA},
   title={Explaining complex codon usage patterns with selection for translational efficiency, mutation bias, and genetic drift},
   journal={Proc Natl Acad Sci USA},
   volume={108},
   year={2011},
   pages={10231-6}
}

@article{gumi2015,
   author={Mi, G and Di, Y and Schafer, DW},
   title={Goodness-of-Fit Tests and Model Diagnostics for Negative Binomial Regression of RNA Sequenceing Data},
   journal={PLOS ONE},
   volume={10},
   year={2015},
   pages={e0119254}
}

@Manual{rcore,
  title = {R: A Language and Environment for Statistical Computing},
  author = {{R Core Team}},
  organization = {R Foundation for Statistical Computing},
  address = {Vienna, Austria},
  year = {2015},
  url = {http://www.R-project.org/},
}


@article{yakovchuk2006,
author = {Yakovchuk, P and Protozanova, E and Frank-Kamenetskii, MD},
title = {Base-stacking and base-pairing contributions into thermal stability of the DNA double helix},
journal = {Nucleic Acids Research},
volume = {34},
number = {2},
year = {2006},
pages = {564-574}
}

@article{marmur1962,
author = {Marmur, J and Doty, P},
title = {Determination of the base composition of dioxyribonucleic acid from its thermal melting temperature.},
journal = {J. Mol. Biol.},
volume = {5},
year = {1962},
pages = {109-118}
}

@article{wartell1985,
author = {Wartell, RM and Benight, AS},
title = {Thermal denaturation of DNA molecules.},
journal = {Phys. Rep.},
volume = {126},
year = {1985},
pages = {67-107}
}

@article{SantaLucia2004,
author = {SantaLucia, J and Hicks, D},
title = {The thermodynamics of DNA structural motifs.},
journal = {Biomol. Struct.},
volume = {33},
year = {2004},
pages = {415-440}
}

@article{williams2002,
author = {Williams, MC and Rouzina, I},
title = {Force spectroscopy of single DNA and RNA molecules.},
journal = {Curr. Opin. Struct. Biol.},
volume = {12},
year = {2002},
pages = {330-336}
}

@article{gouy1982,
author = {Gouy, M and Gautier, C},
title = {Codon usage in bacteria: correlation with gene expressivity},
journal = {Nucleic Acids Research},
volume = {10},
year = {1982},
pages = {7055-7074}
}


@article{grantham1981,
author = {Grantham, R and Gautier, C and Gouy, M and Jacobzone, M and Mercier, R},
title = {Codon catalog usage is a genome strategy modulated for gene expressivity},
journal = {Nucleic Acids Research},
volume = {9},
year = {1981},
pages = {43-74}
}

@article{ikemura1985,
author = {Ikemura, T},
title = {Codon usage and tRNA content in unicellular and multicellular organisms},
journal = {Molecular Biology and Evolution},
volume = {2},
year = {1985},
pages = {13-34}
}

@article{sharp1987,
   author={Sharp, PM},
   title={The codon adaptatoin index - a meassure of directional synonymous codon usage bias, and its potential applications},
   journal={Nucleic Acids Research},
   volume={15},
   year={1987},
   pages={1281-1295}
}

@article{sharp1988,
author = {Sharp, PM and Cowe, E and Higgins, DG and Shields, DC and Wolfe, KH and Wright, F},
title = {Codon usage patterns in Escherichia coli, Bacillus subtilis, Saccharomyces cerevisiae, Schizosaccharomyces pombe, Drosophila melanogaster and Homo sapiens; a review of the considerable within species diversity},
journal = {Nucleic Acids Research},
volume = {16},
year = {1988},
pages = {8207-8211}
}

@article{wagner2005,
author = {Wagner, A},
title = {Energy constraints on the evolution of gene expression},
journal = {Molecular Biology and Evolution},
volume = {22},
year = {2005},
pages = {1365-1374}
}

@article{dong1996,
author = {Dong, H and Nilsson, L and Kurland, CG},
title = {Co-variation of tRNA abundance and codon usage in Escherichia coli at different growth rates},
journal = {Journal of Molecular Miology},
volume = {260},
year = {1996},
pages = {649-663}
}

@article{dosreis2004,
author = {dos Reis, M and Savva, R and Wernisch, L},
title = {Solving the riddle of codon usage preferences: a test for translational selection},
journal = {Nucleic Acids Research},
volume = {32},
number = {17},
year = {2004},
pages = {5036-5044}
}

@article{medigue1991,
author = {Médigue, C and Rouxel, T and Vigier, P and Hénaut, A and Danchin, A},
title = {Evidence for horizontal gene transfer in Escherichia coli speciation},
journal = {Journal of Molecular Miology},
volume = {222},
number = {4},
year = {1991},
pages = {851-856}
}

@article{lawrence1997,
author = {Lawrence, JG and Ochman, H},
title = {Amelioration of Bacterial Genomes: Rates of Change and Exchange},
journal = {Journal of Molecular Miology},
volume = {44},
year = {1997},
pages = {383-397}
}

@article{tuller2011,
author = {Tuller, T and Girshovich, Y and Sella, Y and Kreimer, A and Freilich, S and Kupiec, M and Gophna, U and Ruppin, E},
title = {Association between translation efficiency and horizontal gene transfer within microbial communities.},
journal = {Nucleic Acids Research},
volume = {39},
number = {11},
pages = {4743-4755},
year = {2011},
doi = {10.1093/nar/gkr054},
URL = {http://dx.doi.org/10.1093/nar/gkr054}
}

@article{wolfe1997,
author = {Wolfe, KH and Shields, DC},
title = {Molecular evidence for an ancient duplication of the entire yeast genome.},
journal = {Nature},
volume = {387},
year = {1997},
pages = {708-7013}

}

@article{friedrich2015,
author = {Friedrich, A and Reiser, C and Fischer, G and Schacherer, J},
title = {Population Genomics Reveals Chromosome-Scale Heterogeneous Evolution in a Protoploid Yeast.},
journal = {Molecular Biology and Evolution},
volume = {32},
number = {1},
year = {2015},
pages = {184 - 192}
}

@article{payen2009,
author = {Payen, Célia and Fischer, Gilles and Marck, Christian and Proux, Caroline and Sherman, David James and Coppée, Jean-Yves and Johnston, Mark and Dujon, Bernard and Neuvéglise, Cécile}, 
title = {Unusual composition of a yeast chromosome arm is associated with its delayed replication.},
volume = {19}, 
number = {10}, 
pages = {1710-1721}, 
year = {2009}, 
journal = {Genome Research} 
}

@article{agier2013,
author = {Agier, Nicolas and Romano, Orso Maria and Touzain, Fabrice and Cosentino Lagomarsino, Marco and Fischer, Gilles},
title = {The Spatiotemporal Program of Replication in the Genome of Lachancea kluyveri.},
journal = {Genome Biology and Evolution},
volume = {5},
number = {2},
pages = {370-388},
year = {2013},
}

@article{peter2015,
author = {Peter, J and Schacherer, J},
title = {Population genomics of yeasta:towards a comprehensiveview across a broad evolutionary scale.},
journal = {Yeast},
volume = {33},
year = {2016},
pages = {73 - 81}
}

@article{soderlund2006,
author = {Soderlund, C and Nelson, W and Shoemaker, A and Paterson, A},
title = {SyMAP: A system for discovering and viewing syntenic regions of FPC maps.},
journal = {Genome Research},
volume = {16},
year = {2006},
pages = {1159 - 1168}
}

@article{soderlund2011,
author = {Soderlund, C and Bomhoff, M and Nelson, W},
title = {SyMAP v3.4: a turnkey synteny system with application to plant genomes.},
journal = {Nucleic Acids Research},
volume = {39},
number = {10},
year = {2011},
pages = {e68}
}

@article {lang2008,
	author = {Lang, Gregory I. and Murray, Andrew W.},
	title = {Estimating the Per-Base-Pair Mutation Rate in the Yeast Saccharomyces cerevisiae},
	volume = {178},
	number = {1},
	pages = {67 - 82},
	year = {2008},
	publisher = {Genetics},
	issn = {0016-6731},
	journal = {Genetics}
}

@article{zhu2014,
author = {Zhu, Yuan O and Siegal, Mark L and Hall, David W and Petrov, Dmitri A},
title = {Precise estimates of mutation rate and spectrum in yeast},
journal = {Proceedings of the National Academy of Sciences},
number = {22},
pages = {E2310--E2318},
volume = {111},
year = {2014}
}

@article{landerer2018,
author = {Landerer, Cedric and Cope, Alexander and Zaretzki, Russell and Gilchrist, Michael A},
title = {AnaCoDa: analyzing codon data with Bayesian mixture models},
journal = {Bioinformatics},
volume = {34},
number = {14},
pages = {2496-2498},
year = {2018},
}


@article{vakirlis2016,
author = {Vakirlis, Nikolaos and Sarilar, V{\'{e}}ronique and Drillon, Gu{\'{e}}nola and Fleiss, Aubin and Agier, Nicolas and Meyniel, Jean-Philippe and Blanpain, Lou and Carbone, Alessandra and Devillers, Hugo and Dubois, Kenny and Gillet-Markowska, Alexandre and Graziani, St{\'{e}}phane and Huu-Vang, Nguyen and Poirel, Marion and Reisser, Cyrielle and Schott, Jonathan and Schacherer, Joseph and Lafontaine, Ingrid and Llorente, Bertrand and Neuv{\'{e}}glise, C{\'{e}}cile and Fischer, Gilles},
journal = {Genome research},
number = {7},
pages = {918--32},
publisher = {Cold Spring Harbor Laboratory Press},
title = {{Reconstruction of ancestral chromosome architecture and gene repertoire reveals principles of genome evolution in a model yeast genus.}},
volume = {26},
year = {2016}
}

@article{Arakawa2012,
author = {Arakawa, Kazuharu and Tomita, Masaru},
journal = {Current Genomics},
number = {1},
pages = {4},
title = {{Measures of Compositional Strand Bias Related to Replication Machinery and its Applications}},
url = {http://www.ncbi.nlm.nih.gov/pmc/articles/PMC3269016/},
volume = {13},
year = {2012}
}

@article{Hershberg2008,
author = {Hershberg, Ruth and Petrov, D A},
journal = {Annual Review of Genetics},
number = {1},
pages = {287--299},
title = {{Selection on Codon Bias}},
volume = {42},
year = {2008}
}

@misc{Mathematica,
  author = {Wolfram Research{,} Inc.},
  title = {Mathematica, {V}ersion 9.0},
  note = {Champaign, IL, 2012}
}


@article{tsankov2010,
author = {Tsankov, AM and Thompson, DA and Socha, A and Regev, A and Rando, OJ},
title = {The role of nucleosome positioning in the evolution of gene regulation},
journal = {PLoS Biol},
volume = {8},
number = {7},
year = {2010},
pages = {e1000414}
}




@article{fastml,
author = {Ashkenazy, H and Penn, O and Doron-Faigenboim, A and Cohen, O and Cannarozzi, G and Zomer, O and Pupko, T},
title = {FastML: a web server for probabilistic reconstruction of ancestral sequences},
journal = {Nucleic Acids Research},
volume = {40},
number = {Web Server Issue},
year = {2012},
pages = {W580-4}
}

@article{stiffler2016,
author = {Stiffler, MA and Hekstra, DR and Ranganathan R},
title = {Evolvability as a function of purifying selection in TEM-1 $\beta$-lactamase},
journal = {Cell},
volume = {160},
year = {2016},
pages = {882-892}
}

@article{bloom2017,
author = {Bloom, JD},
title = {Identification of positive selection in genes is greatly improved by using experimentally infromed site-specific models},
journal = {Biology Direct},
volume = {12},
year = {2017},
pages = {1}
}

@article{bloom2014,
author = {Bloom, JD},
title = {An Experimentally Informed Evolutionary Model Improves Phylogenetic Fit to Divergent Lactamase Homologs},
journal = {Molecular Biology and Evolution},
volume = {31},
number = {10},
year = {2014},
pages = {2753-2769}
}


@Manual{rcore,
title = {R: A Language and Environment for Statistical Computing},
author = {{R Core Team}},
organization = {R Foundation for Statistical Computing},
address = {Vienna, Austria},
year = {2013},
url = {http://www.R-project.org/}
}

@article{hilton2017,
author = {Hilton, SK and Doud, MB and Bloom, JD},
title = {phydms: software for phylogenetic analyses informed by deep mutation scanning},
journal = {PeerJ},
volume = {5},
year = {2017},
pages = {e3657}
}

@article{beaulieu2018,
author = {Beaulieu, JM and O'Meara, BC and Zaretzki, R and Landerer, C and Chai, JJ and Gilchrist, MA},
title = {Population Genetics Based Phylogenetics Under Stabilizing Selection for an Optimal Amino Acid Sequence: A Nested Modeling Approach},
journal = {Molecular Biology and Evolution},
volume = {X},
year = {in review},
pages = {NA}
}

@article{SellaAndHirsh2005,
author = {Sella, G and Hirsh, AE},
title = {The application of statistical physics to evolutionary biology},
journal = {Proceedings of the National Academy of Sciences of the United States of America},
volume = {102},
year = {2005},
pages = {9541-9546}
}

@article{nguyen2015,
author = {Nguyen, LT and Schmidt, HA and von Haeseler, A and Minh, BQ},
IDS = {IQTree2015},
title = {IQ-TREE: A Fast and Effective Stochastic Algorithm for Estimating Maximum-Likelihood Phylogenies},
journal = {Molecular Biology and Evolution},
volume = {32},
number = {1},
pages = {268-274},
year = {2015}
}

@article{gillespie1976,
author = {Gillespie, DT},
title = {A General Method for Numerically Simulating the Stochastic Time Evolution of Coupled Chemical Reactions},
journal = {Journal of Computational Physics},
volume = {22},
number = {4},
year = {1976},
pages = {403-434}
}

@Article{zharkikh1994,
  Title                    = {Estimation of evolutionary distances between nucleotide sequences},
  Author                   = {Zharkikh, A},
  Journal                  = {Journal of Molecular Evolution},
  Year                     = {1994},
  Pages                    = {315-329},
  Volume                   = {39},
  number	           = {3}
}

@Article{GoldmanAndYang1994,
  Title                    = {Codon-based model of nucleotide substitution for protein-coding {{DNA}}-sequences},
  Author                   = {Goldman, N. and Yang, Z. H.},
  Journal                  = {Molecular Biology and Evolution},
  Year                     = {1994},
  Pages                    = {725-736},
  Volume                   = {11}
}

@article{thorne1996,
author = {Thorne, JL and Goldman, N and Jones, DT},
title = {Combinng protein evolution and secondary structure},
journal = {Molecular Biology and Evolution},
volume = {13},
year = {1996},
pages = {666-673}
}

@Article{MuseAndGaut1994,
  Title                    = {A likelihood approach for comparing synonymous and nonsynonymous nucleotide substitution rates, with application to the chloroplast genome.},
  Author                   = {Muse, SV and Gaut, BS},
  Journal                  = {Molecular Biology and Evolution},
  Year                     = {1994},
  Number                   = {5},
  Pages                    = {715--724},
  Volume                   = {11}
}

@article{felsenstein1981,
author = {Felsenstein, J},
title = {Evolutionary trees from DNA sequences: a maximum likelihood approach},
journal = {Journal of Molecular Evolution},
volume = {17},
year = {1981},
pages = {368-376}
}

@article{gojobori1983,
author = {Gojobori, T},
title = {Codon substitution in evolution and the "saturation" of synonymous changes},
journal = {Genetics},
volume = {105},
year = {1983},
pages = {1011-1027}
}

@article{HalpernAndBruno1998,
author = {Halpern, AL and Bruno, WJ},
title = {Evolutionary Distances for Protein-Coding Sequences: Modeling Site-Specific Residue Frequencies},
journal = {Molecular Biology and Evolution},
volume = {15},
number = {7},
year = {1998},
pages = {910-917}
}

@article{FowlerAndFields2014,
author = {Fowler, DM and Fields, S},
title = {Deep mutational scanning: a new style of protein science},
journal = {Nature Methods},
volume = {11},
year = {2014},
pages = {801-807},
}

@article{Fowler2014,
author = {Fowler, DM and Stephany, JJ and Fields, S},
title = {Measuring the activity of protein variants on a large scale using deep mutational scanning},
journal = {Nature Protocols},
volume = {9},
year = {2014},
pages = {2267-2284}
}

@article{FirnbergAndOstermeier2012,
author = {Firnberg, E and Ostermeier, M},
title = {PFunkel: Efficient, Expansive, User-Defined Mutagenesis},
journal = {PLOS ONE},
volume = {7},
number = {12},
year = {2012},
pages = {e52031}
}

@article{Jain2014,
author = {Jain, PC and Varadarajan, R},
title = {A rapid, efficient, and economical inverse polymerase chain reaction-based method for generating a site saturation mutant library},
journal = {Analytical Biochemistry},
volume = {449},
year = {2014},
pages = {90-981}
}

@article{gilchrist2007,
author = {Gilchrist, MA},
title = {Combining Models of Protein Translation and Population Genetics to Predict Protein Production Rates from Codon Usage Patterns},
journal = {Molecular Biology and Evolution},
volume = {24},
number = {11},
year = {2007},
pages = {2362-2372}
}

@article{hartl1994,
author = {Hartl, DL and Moriyama, EN and Sawyer, SA},
title = {Selection intensity for codon bias},
journal = {Genetics},
volume = {138},
year = {1994},
pages = {227-234}
}

@inbook{OchmanAndWilson1987, 
place={Washington DC}, 
title={Evolutionary history of enteric bacterian}, 
booktitle={Escherichia coli and Salmonella typhimurium: Cellular and Molecular Biology}, 
publisher={ASM Press}, 
author={Ochman, H and Wilson, AC}, 
year={1987}, 
pages={1649-1654}
}

@article{matagne1998,
author = {Matagne, A and Lamotte-Brasseur, J and Frere, JM},
title = {Catalytic properties of class A beta-lactamases: efficiency and diversity},
journal = {Biochemistry Journal},
volume = {300},
year = {1998},
pages = {581-598}
}

@article{ashenberg2013,
author = {Ashenberg, O and Gong, LI and Bloom, JD},
title = {Mutational effects on stability are largely conserved during protein evolution},
journal = {Proccedings of the National Academy of Sciences U.S.A},
volume = {110},
year = {2013},
pages = {21071-21076}
}

@article{LartillotAndPhilippe2004,
author = {Lartillot, N and Philippe, H},
title = {A Bayesian mixture model for across-site heterogeneities in the amino-acid replacement process},
journal = {Molecular Biology and Evolution},
volume = {21},
year = {2004},
pages = {1095-1109}
}

@article{le2008,
author = {Le, SQ and Lartillot, N and Gascuel O},
title = {Phylogenetic mixture models for proteins},
journal = {Philos Trans R Soc Lond B Biol Sci},
volume = {363},
year = {2008},
pages = {3965-3976}
}

@article{wang2008,
author = {Wang, HC and Li, K and Susko, E and Roger, AJ},
title = {A class frequency mixture model that adjusts for site-specific amino acid frequencies and improves inference of protein phylogeny},
journal = {BMC Evolutionary Biology},
volume = {8},
year = {2008},
pages = {331}
}

@article{rodrigue2013,
author = {Rodrigue, N},
title = {On the statistical interpretation of site-specific variables in phylogeny-based substitution models},
journal = {Genetics},
volume = {193},
year = {2013},
pages = {557-564}
}

@article{wu2013,
author = {Wu, CH and Suchard, MA and Drummond, AJ},
title = {Bayesian selection of nucleotide substitution models and their site assignments},
journal = {Molecular Biology and Evolution},
volume = {30},
year = {2013},
pages = {669-688}
}

@article{thyagarajan2014,
author = {Thyagarajan, B and Bloom, JD},
title = {The inherent mutational tolerance and antigenic evolvability of influenza hemagglutinin},
journal = {eLife},
volume = {3},
year = {2014},
pages = {e03300}
}

@article{echave2016,
author = {Echave, J and Spielman, SJ and Wilke, CO},
title = {Causes of evolutionary rate variation among protein sites},
journal = {Nature Reviews Genetics},
volume = {17},
year = {2016},
pages = {109-121}
}

@article{holder2008,
author = {Holder, MT and Zwickl, DJ and Dessimoz, C},
title = {Evaluating the robustness of phylogenetic methods to among-site variability in substitution processes},
journal = {Philos Trans R Soc Lond B},
volume = {363},
year = {2008},
pages = {4013-4021}
}

@article{tamuri2014,
author = {Tamuri, AU and Goldman, N and dos Reis, M},
title = {A penalized likelihood method for estimating the distribution of selection coefficients from phylogenetic data},
journal = {Genetics},
volume = {197},
year = {2014},
pages = {257-271}
}

@article{rodrigue2010,
author = {Rodrigue, N and Philippe, H and Lartillot, N},
title = {Mutation-selection models of coding sequence evolution with site-heterogeneous amino acid fitness profiles},
journal = {Proccedings of the National Academy of Sciences U.S.A},
volume = {107},
year = {2010},
pages = {4629-4634}
}

@article{rodrigue2014,
author = {Rodrigue, N and Lartillot, N},
title = {Site-heterogeneous mutation-selection models within the phylobayes-mpi package},
journal = {Bioinformatics},
volume = {30},
year = {2014},
pages = {1020-1021}
}

@article{grantham1974,
author = {Grantham, R},
title = {Amino Acid differences formula to help explain protein evolution},
journal = {Science},
volume = {185},
number = {4154},
year = {1974},
pages = {862-864}
}

@article{sougakoff1988,
author = {Sougakoff, W and Goussard, S and Courvalin, P},
title = {The TEM-3 beta-lactamase, which hydrolyzes broad-spectrum cephalosporins, is derived from the TEM-2 penicillinase by two amino acid substitutions},
journal = {FEMS Microbiology Letters},
volume = {56},
year = {1988},
pages = {343-348}
}

@article{mabilat1992,
author = {Mabilat, C and Lourencao-Vital, J and Goussard, S and Courvalin, P},
title = {A new example of physical linkage between Tn1 and Tn21: the antibiotic multiple-resistance region of plasmid pCFF04 encoding extended-spectrum beta-lactamase TEM-3},
journal = {Mol Gen Genet},
volume = {235},
year = {1992},
pages = {113-121}
}

@article{sougakoff1989,
author = {Sougakoff, W and Petit, A and Goussard, S and Sirot, D and Bure, A and Courvalin, P},
title = {Characterization of the plasmid genes blaT-4 and blaT-5 which encode the broad-spectrum beta-lactamases TEM-4 and TEM-5 in enterobacteriaceae},
journal = {Gene},
volume = {78},
year = {1989},
pages = {339-348}
}

@article{goussard1991,
author = {Goussard, S and Sougakoff, W and Mabilat, C and Bauernfeind, A and Courvalin, P},
title = {An IS1-like element is responsible for high-level synthesis of extended-spectrum beta-lactamase TEM-6 in Enterobacteriaceae},
journal = {J. Gen. Microbiol.},
volume = {137},
year = {1991},
pages = {2681-2687}
}

@article{chanal1992,
author = {Chanal, C and Poupart, MC and Sirot, D and Labia, R and Sirot, J and Cluzel, R},
title = {Nucleotide sequences of CAZ-2, CAZ-6, and CAZ-7 beta-lactamase genes},
journal = {Antimicrob. Agents Chemother.},
volume = {36},
year = {1992},
pages = {1817-1820}
}

@article{brun1994,
author = {Brun, T and Peduzzi, J and Canica, MM and Paul, G and Nevot, P and Barthelemy, M and Labia, R},
title = {Characterization and amino acid sequence of IRT-4, a novel TEM-type enzyme with a decreased susceptibility to beta-lactamase inhibitors},
journal = {FEMS Microbiology Letters},
volume = {120},
year = {1994},
pages = {111-117}
}


@article{yang1994,
  Title                    = {Maximum-likelihood phylogenetic estimation from {{DNA}}-sequences with variable rates over sites - approximate methods},
  Author                   = {Yang, ZH},
  Journal                  = {Journal of Molecular Evolution},
  Year                     = {1994},
  Pages                    = {306-314},
  Volume                   = {39},
}

@Article{Felsenstein2001,
  Title                    = {Taking Variation of Evolutionary Rates Between Sites into Account in Inferring Phylogenies},
  Author                   = {Felsenstein, J},
  Journal                  = {Journal of Molecular Evolution},
  Year                     = {2001},
  Number                   = {4},
  Pages                    = {447-455},
  Volume                   = {53},
}

@Article{KosiolEtAl07,
  Title                    = {An empirical codon model for protein sequence evolution.},
  Author                   = {Carolin Kosiol and Ian Holmes and Nick Goldman},
  Journal                  = {Molecular Biology and Evolution},
  Year                     = {2007},
  Month                    = {Jul},
  Number                   = {7},
  Pages                    = {1464-1479},
  Volume                   = {24},
}

@article{firnberg2014,
author = {Firnberg, E and Labonte, JW and Gray, JJ and Ostermeier, M},
title = {A comprehensive, high-resolution map of a gene's fitness landscape},
journal = {Molecular Biology and Evolution},
volume = {31},
number = {6},
year = {2014},
pages = {1581-1592}
}



@article {deKoning259507,
	author = {de Koning, APJ and De Sanctis, BD},
	title = {The Rate of Molecular Evolution When Mutation May Not Be Weak},
	year = {2018},
	publisher = {Cold Spring Harbor Laboratory},
	journal = {bioRxiv}
}


@article{Kawashima2008,
author = {Kawashima, S and Pokarowski, P and Pokarowska, M and Kolinski, A and Katayama, T and Kanehisa, M},
title = {AAindex: amino acid index database, progress report 2008},
journal = {Nucleic Acids Research},
volume = {36},
pages = {D202-D205},
year = {2008},
}





