@article{fastml,
author = {Ashkenazy, H and Penn, O and Doron-Faigenboim, A and Cohen, O and Cannarozzi, G and Zomer, O and Pupko, T},
title = {FastML: a web server for probabilistic reconstruction of ancestral sequences},
journal = {Nucleic Acids Research},
volume = {40},
number = {Web Server Issue},
year = {2012},
pages = {W580-4}
}

@article{stiffler2016,
author = {Stiffler, MA and Hekstra, DR and Ranganathan R},
title = {Evolvability as a function of purifying selection in TEM-1 $\beta$-lactamase},
journal = {Cell},
volume = {160},
year = {2016},
pages = {882-892}
}

@article{bloom2017,
author = {Bloom, JD},
title = {Identification of positive selection in genes is greatly improved by using experimentally infromed site-specific models},
journal = {Biology Direct},
volume = {12},
year = {2017},
pages = {1}
}

@article{bloom2014,
author = {Bloom, JD},
title = {An Experimentally Informed Evolutionary Model Improves Phylogenetic Fit to Divergent Lactamase Homologs},
journal = {Molecular Biology and Evolution},
volume = {31},
number = {10},
year = {2014},
pages = {2753-2769}
}


@Manual{rcore,
title = {R: A Language and Environment for Statistical Computing},
author = {{R Core Team}},
organization = {R Foundation for Statistical Computing},
address = {Vienna, Austria},
year = {2013},
url = {http://www.R-project.org/}
}

@article{hilton2017,
author = {Hilton, SK and Doud, MB and Bloom, JD},
title = {phydms: software for phylogenetic analyses informed by deep mutation scanning},
journal = {PeerJ},
volume = {5},
year = {2017},
pages = {e3657}
}

@article{beaulieu2018,
author = {Beaulieu, JM and O'Meara, BC and Zaretzki, R and Landerer, C and Chai, JJ and Gilchrist, MA},
title = {Population Genetics Based Phylogenetics Under Stabilizing Selection for an Optimal Amino Acid Sequence: A Nested Modeling Approach},
journal = {Molecular Biology and Evolution},
volume = {X},
year = {in review},
pages = {NA}
}

@article{SellaAndHirsh2005,
author = {Sella, G and Hirsh, AE},
title = {The application of statistical physics to evolutionary biology},
journal = {Proceedings of the National Academy of Sciences of the United States of America},
volume = {102},
year = {2005},
pages = {9541-9546}
}

@article{nguyen2015,
author = {Nguyen, LT and Schmidt, HA and von Haeseler, A and Minh, BQ},
IDS = {IQTree2015},
title = {IQ-TREE: A Fast and Effective Stochastic Algorithm for Estimating Maximum-Likelihood Phylogenies},
journal = {Molecular Biology and Evolution},
volume = {32},
number = {1},
pages = {268-274},
year = {2015}
}

@article{gillespie1976,
author = {Gillespie, DT},
title = {A General Method for Numerically Simulating the Stochastic Time Evolution of Coupled Chemical Reactions},
journal = {Journal of Computational Physics},
volume = {22},
number = {4},
year = {1976},
pages = {403-434}
}

@Article{zharkikh1994,
  Title                    = {Estimation of evolutionary distances between nucleotide sequences},
  Author                   = {Zharkikh, A},
  Journal                  = {Journal of Molecular Evolution},
  Year                     = {1994},
  Pages                    = {315-329},
  Volume                   = {39},
  number	           = {3}
}

@Article{GoldmanAndYang1994,
  Title                    = {Codon-based model of nucleotide substitution for protein-coding {{DNA}}-sequences},
  Author                   = {Goldman, N. and Yang, Z. H.},
  Journal                  = {Molecular Biology and Evolution},
  Year                     = {1994},
  Pages                    = {725-736},
  Volume                   = {11}
}

@article{thorne1996,
author = {Thorne, JL and Goldman, N and Jones, DT},
title = {Combinng protein evolution and secondary structure},
journal = {Molecular Biology and Evolution},
volume = {13},
year = {1996},
pages = {666-673}
}

@Article{MuseAndGaut1994,
  Title                    = {A likelihood approach for comparing synonymous and nonsynonymous nucleotide substitution rates, with application to the chloroplast genome.},
  Author                   = {Muse, SV and Gaut, BS},
  Journal                  = {Molecular Biology and Evolution},
  Year                     = {1994},
  Number                   = {5},
  Pages                    = {715--724},
  Volume                   = {11}
}

@article{felsenstein1981,
author = {Felsenstein, J},
title = {Evolutionary trees from DNA sequences: a maximum likelihood approach},
journal = {Journal of Molecular Evolution},
volume = {17},
year = {1981},
pages = {368-376}
}

@article{gojobori1983,
author = {Gojobori, T},
title = {Codon substitution in evolution and the "saturation" of synonymous changes},
journal = {Genetics},
volume = {105},
year = {1983},
pages = {1011-1027}
}

@article{HalpernAndBruno1998,
author = {Halpern, AL and Bruno, WJ},
title = {Evolutionary Distances for Protein-Coding Sequences: Modeling Site-Specific Residue Frequencies},
journal = {Molecular Biology and Evolution},
volume = {15},
number = {7},
year = {1998},
pages = {910-917}
}

@article{FowlerAndFields2014,
author = {Fowler, DM and Fields, S},
title = {Deep mutational scanning: a new style of protein science},
journal = {Nature Methods},
volume = {11},
year = {2014},
pages = {801-807},
}

@article{Fowler2014,
author = {Fowler, DM and Stephany, JJ and Fields, S},
title = {Measuring the activity of protein variants on a large scale using deep mutational scanning},
journal = {Nature Protocols},
volume = {9},
year = {2014},
pages = {2267-2284}
}

@article{FirnbergAndOstermeier2012,
author = {Firnberg, E and Ostermeier, M},
title = {PFunkel: Efficient, Expansive, User-Defined Mutagenesis},
journal = {PLOS ONE},
volume = {7},
number = {12},
year = {2012},
pages = {e52031}
}

@article{Jain2014,
author = {Jain, PC and Varadarajan, R},
title = {A rapid, efficient, and economical inverse polymerase chain reaction-based method for generating a site saturation mutant library},
journal = {Analytical Biochemistry},
volume = {449},
year = {2014},
pages = {90-981}
}

@article{gilchrist2007,
author = {Gilchrist, MA},
title = {Combining Models of Protein Translation and Population Genetics to Predict Protein Production Rates from Codon Usage Patterns},
journal = {Molecular Biology and Evolution},
volume = {24},
number = {11},
year = {2007},
pages = {2362-2372}
}

@article{hartl1994,
author = {Hartl, DL and Moriyama, EN and Sawyer, SA},
title = {Selection intensity for codon bias},
journal = {Genetics},
volume = {138},
year = {1994},
pages = {227-234}
}

@inbook{OchmanAndWilson1987, 
place={Washington DC}, 
title={Evolutionary history of enteric bacterian}, 
booktitle={Escherichia coli and Salmonella typhimurium: Cellular and Molecular Biology}, 
publisher={ASM Press}, 
author={Ochman, H and Wilson, AC}, 
year={1987}, 
pages={1649-1654}
}

@article{matagne1998,
author = {Matagne, A and Lamotte-Brasseur, J and Frere, JM},
title = {Catalytic properties of class A beta-lactamases: efficiency and diversity},
journal = {Biochemistry Journal},
volume = {300},
year = {1998},
pages = {581-598}
}

@article{ashenberg2013,
author = {Ashenberg, O and Gong, LI and Bloom, JD},
title = {Mutational effects on stability are largely conserved during protein evolution},
journal = {Proccedings of the National Academy of Sciences U.S.A},
volume = {110},
year = {2013},
pages = {21071-21076}
}

@article{LartillotAndPhilippe2004,
author = {Lartillot, N and Philippe, H},
title = {A Bayesian mixture model for across-site heterogeneities in the amino-acid replacement process},
journal = {Molecular Biology and Evolution},
volume = {21},
year = {2004},
pages = {1095-1109}
}

@article{le2008,
author = {Le, SQ and Lartillot, N and Gascuel O},
title = {Phylogenetic mixture models for proteins},
journal = {Philos Trans R Soc Lond B Biol Sci},
volume = {363},
year = {2008},
pages = {3965-3976}
}

@article{wang2008,
author = {Wang, HC and Li, K and Susko, E and Roger, AJ},
title = {A class frequency mixture model that adjusts for site-specific amino acid frequencies and improves inference of protein phylogeny},
journal = {BMC Evolutionary Biology},
volume = {8},
year = {2008},
pages = {331}
}

@article{rodrigue2013,
author = {Rodrigue, N},
title = {On the statistical interpretation of site-specific variables in phylogeny-based substitution models},
journal = {Genetics},
volume = {193},
year = {2013},
pages = {557-564}
}

@article{wu2013,
author = {Wu, CH and Suchard, MA and Drummond, AJ},
title = {Bayesian selection of nucleotide substitution models and their site assignments},
journal = {Molecular Biology and Evolution},
volume = {30},
year = {2013},
pages = {669-688}
}

@article{thyagarajan2014,
author = {Thyagarajan, B and Bloom, JD},
title = {The inherent mutational tolerance and antigenic evolvability of influenza hemagglutinin},
journal = {eLife},
volume = {3},
year = {2014},
pages = {e03300}
}

@article{echave2016,
author = {Echave, J and Spielman, SJ and Wilke, CO},
title = {Causes of evolutionary rate variation among protein sites},
journal = {Nature Reviews Genetics},
volume = {17},
year = {2016},
pages = {109-121}
}

@article{holder2008,
author = {Holder, MT and Zwickl, DJ and Dessimoz, C},
title = {Evaluating the robustness of phylogenetic methods to among-site variability in substitution processes},
journal = {Philos Trans R Soc Lond B},
volume = {363},
year = {2008},
pages = {4013-4021}
}

@article{tamuri2014,
author = {Tamuri, AU and Goldman, N and dos Reis, M},
title = {A penalized likelihood method for estimating the distribution of selection coefficients from phylogenetic data},
journal = {Genetics},
volume = {197},
year = {2014},
pages = {257-271}
}

@article{rodrigue2010,
author = {Rodrigue, N and Philippe, H and Lartillot, N},
title = {Mutation-selection models of coding sequence evolution with site-heterogeneous amino acid fitness profiles},
journal = {Proccedings of the National Academy of Sciences U.S.A},
volume = {107},
year = {2010},
pages = {4629-4634}
}

@article{rodrigue2014,
author = {Rodrigue, N and Lartillot, N},
title = {Site-heterogeneous mutation-selection models within the phylobayes-mpi package},
journal = {Bioinformatics},
volume = {30},
year = {2014},
pages = {1020-1021}
}

@article{grantham1974,
author = {Grantham, R},
title = {Amino Acid differences formula to help explain protein evolution},
journal = {Science},
volume = {185},
number = {4154},
year = {1974},
pages = {862-864}
}

@article{sougakoff1988,
author = {Sougakoff, W and Goussard, S and Courvalin, P},
title = {The TEM-3 beta-lactamase, which hydrolyzes broad-spectrum cephalosporins, is derived from the TEM-2 penicillinase by two amino acid substitutions},
journal = {FEMS Microbiology Letters},
volume = {56},
year = {1988},
pages = {343-348}
}

@article{mabilat1992,
author = {Mabilat, C and Lourencao-Vital, J and Goussard, S and Courvalin, P},
title = {A new example of physical linkage between Tn1 and Tn21: the antibiotic multiple-resistance region of plasmid pCFF04 encoding extended-spectrum beta-lactamase TEM-3},
journal = {Mol Gen Genet},
volume = {235},
year = {1992},
pages = {113-121}
}

@article{sougakoff1989,
author = {Sougakoff, W and Petit, A and Goussard, S and Sirot, D and Bure, A and Courvalin, P},
title = {Characterization of the plasmid genes blaT-4 and blaT-5 which encode the broad-spectrum beta-lactamases TEM-4 and TEM-5 in enterobacteriaceae},
journal = {Gene},
volume = {78},
year = {1989},
pages = {339-348}
}

@article{goussard1991,
author = {Goussard, S and Sougakoff, W and Mabilat, C and Bauernfeind, A and Courvalin, P},
title = {An IS1-like element is responsible for high-level synthesis of extended-spectrum beta-lactamase TEM-6 in Enterobacteriaceae},
journal = {J. Gen. Microbiol.},
volume = {137},
year = {1991},
pages = {2681-2687}
}

@article{chanal1992,
author = {Chanal, C and Poupart, MC and Sirot, D and Labia, R and Sirot, J and Cluzel, R},
title = {Nucleotide sequences of CAZ-2, CAZ-6, and CAZ-7 beta-lactamase genes},
journal = {Antimicrob. Agents Chemother.},
volume = {36},
year = {1992},
pages = {1817-1820}
}

@article{brun1994,
author = {Brun, T and Peduzzi, J and Canica, MM and Paul, G and Nevot, P and Barthelemy, M and Labia, R},
title = {Characterization and amino acid sequence of IRT-4, a novel TEM-type enzyme with a decreased susceptibility to beta-lactamase inhibitors},
journal = {FEMS Microbiology Letters},
volume = {120},
year = {1994},
pages = {111-117}
}


@article{yang1994,
  Title                    = {Maximum-likelihood phylogenetic estimation from {{DNA}}-sequences with variable rates over sites - approximate methods},
  Author                   = {Yang, ZH},
  Journal                  = {Journal of Molecular Evolution},
  Year                     = {1994},
  Pages                    = {306-314},
  Volume                   = {39},
}

@Article{Felsenstein2001,
  Title                    = {Taking Variation of Evolutionary Rates Between Sites into Account in Inferring Phylogenies},
  Author                   = {Felsenstein, J},
  Journal                  = {Journal of Molecular Evolution},
  Year                     = {2001},
  Number                   = {4},
  Pages                    = {447-455},
  Volume                   = {53},
}

@Article{KosiolEtAl07,
  Title                    = {An empirical codon model for protein sequence evolution.},
  Author                   = {Carolin Kosiol and Ian Holmes and Nick Goldman},
  Journal                  = {Molecular Biology and Evolution},
  Year                     = {2007},
  Month                    = {Jul},
  Number                   = {7},
  Pages                    = {1464-1479},
  Volume                   = {24},
}

@article{firnberg2014,
author = {Firnberg, E and Labonte, JW and Gray, JJ and Ostermeier, M},
title = {A comprehensive, high-resolution map of a gene's fitness landscape},
journal = {Molecular Biology and Evolution},
volume = {31},
number = {6},
year = {2014},
pages = {1581-1592}
}



@article {deKoning259507,
	author = {de Koning, APJ and De Sanctis, BD},
	title = {The Rate of Molecular Evolution When Mutation May Not Be Weak},
	year = {2018},
	publisher = {Cold Spring Harbor Laboratory},
	journal = {bioRxiv}
}


@article{Kawashima2008,
author = {Kawashima, S and Pokarowski, P and Pokarowska, M and Kolinski, A and Katayama, T and Kanehisa, M},
title = {AAindex: amino acid index database, progress report 2008},
journal = {Nucleic Acids Research},
volume = {36},
pages = {D202-D205},
year = {2008},
}

@article{Neu1969,
author = {Neu, HC},
title = {Effect of beta-lactamase location in Escherichia coli on penicillin synergy},
journal = {Appl Microbiol},
volume = {17},
number = {6},
pages = {783-786},
year = {1969},
}
