@article{anfinsen1973,
author = {Anfinsen, CB},
title = {Pronciples that Govern the Folding of Protein Chains},
journal = {Science},
volume = {181},
number = {4096},
pages = {223-230},
year = {1973},
}

@article{LuriaAndDelbruck1943,
author = {Luria, SE and Delbruck, M},
title = {Mutations of bacteria from virus sensitivity to virus resistance},
journal = {Genetics},
volume = {28},
pages = {491-511},
year = {1943},
}

@inbook{ZuckerkandlAndPauling1962, 
place={New York, NY}, 
title={Molecular disease, evolution, and genic heterogeneity}, 
booktitle={Horizons in Biochemistry}, 
publisher={Academic Press}, 
author={Zickerkandl, E and Pauling, LB}, 
year={1962}, 
pages={189-225}
}

@article{warner1999,
author = {Warner, JR},
title = {The economics of ribosome biosynthesis in yeast},
journal = {Trends Biochem Sci},
volume = {24},
pages = {437-440},
year = {1999},
}

@article{AkashiAndGojobori2002,
author = {Akashi, H and Gojobori, T},
title = {Metabolic efficiency and amino acid composition in the proteoms of \textit{Escherichia coli} and \textit{Bacillus subtilis}},
journal = {Proccedings of the National Academy of Sciences U.S.A},
volume = {99},
pages = {3695-3670},
year = {2002},
}

@article{ikemura1981,
author = {Ikemura, T},
title = {Correlation between the abundance of \textit{Escherichia coli} transfer RNAs and the occurrence of the respective codons in its protein genes: a proposal for a synonymous codon choice that is optimal for the \textit{E. coli} translational system},
journal = {Journal of Molecular Biology},
volume = {151},
pages = {389-409},
year = {1981},
}

@article{BennetzenAndHall1982,
author = {Bennetzen, JL and Hall, BD},
title = {Codon selection in yeast},
journal = {J. Biol. Chem.},
volume = {257},
pages = {3026-3031},
year = {1982},
}